@book{game-theory,
  title={Theory of Games and Economic Behavior},
  author="John Von Neumann and Oskar Morgenstern",
  year={1944},
  publisher={Princeton University Press},
  volume={978-0691130613 (60th anniversary edition)}
}